
@article{matlabPythonJulia,
  author={Chase Coleman and Spencer Lyon and Lilia Maliar and Serguei Maliar},
  title={{Matlab, Python, Julia: What to Choose in Economics?}},
  journal={Computational Economics},
  year=2021,
  volume={58},
  number={4},
  pages={1263-1288},
  month={December},
  keywords={Toolkit; Dynamic model; New Keynesian model; Global nonlinear; Low discrepancy; Quasi Monte Carlo},
  doi={10.1007/s10614-020-09983-},
}

@inproceedings{controlsystems,
  abstract     = {ControlSystems.jl enables the powerful features of the Julia language to be leveraged for control design and analysis.<br/>The toolbox provides types for state-space, transfer-function, and time-delay models, together with algorithms for design and analysis.<br/>Julia's mathematically-oriented syntax is convenient for implementing control algorithms, and its just-in-time compilation gives performance on par with C.<br/>The multiple-dispatch paradigm makes it easy to combine the algorithms with powerful tools from Julia's ecosystem, such as automatic differentiation, arbitrary-precision arithmetic, GPU arrays, and probability distributions.<br/>We demonstrate how these features allow complex problems to be solved with little effort.},
  author       = {Bagge Carlson, Fredrik and Fält, Mattias and Heimerson, Albin and Troeng, Olof},
  booktitle    = {Proceedings of CDC 2021},
  language     = {eng},
  month        = {12},
  title        = {ControlSystems.jl: A Control Toolbox in Julia},
  doi          = {10.1109/CDC45484.2021.9683403},
  year         = {2021},
}

@article{jump,
    author = {Miles Lubin and Oscar Dowson and Joaquim {Dias Garcia} and Joey Huchette and Beno{\^i}t Legat and Juan Pablo Vielma},
    title = {{JuMP} 1.0: {R}ecent improvements to a modeling language for mathematical optimization},
    journal = {Mathematical Programming Computation},
    year = {2023},
    doi = {10.1007/s12532-023-00239-3}
}

@article{daqp,
  author={Arnström, Daniel and Bemporad, Alberto and Axehill, Daniel},
  journal={IEEE Transactions on Automatic Control},
  title={A Dual Active-Set Solver for Embedded Quadratic Programming Using Recursive {LDL}$^{T}$ Updates},
  year={2022},
  volume={67},
  number={8},
  pages={4362-4369},
  doi={10.1109/TAC.2022.3176430}
}

@article{osqp,
  author  = {Stellato, B. and Banjac, G. and Goulart, P. and Bemporad, A. and Boyd, S.},
  title   = {{OSQP}: an operator splitting solver for quadratic programs},
  journal = {Mathematical Programming Computation},
  year    = {2020},
  volume  = {12},
  number  = {4},
  pages   = {637--672},
  doi     = {10.1007/s12532-020-00179-2},
}

@article{juliaML,
title = {Julia language in machine learning: Algorithms, applications, and open issues},
journal = {Computer Science Review},
volume = {37},
pages = {100254},
year = {2020},
issn = {1574-0137},
doi = {10.1016/j.cosrev.2020.100254},
author = {Kaifeng Gao and Gang Mei and Francesco Piccialli and Salvatore Cuomo and Jingzhi Tu and Zenan Huo},
}

@article{juliaPaper,
author = {Bezanson, Jeff and Edelman, Alan and Karpinski, Stefan and Shah, Viral B.},
title = {Julia: A Fresh Approach to Numerical Computing},
journal = {SIAM Review},
volume = {59},
number = {1},
pages = {65-98},
year = {2017},
doi = {10.1137/141000671},
}

@article{placePoles,
author = {J. Kautsky and N. K. Nichols and P. van Dooren},
title = {Robust pole assignment in linear state feedback},
journal = {International Journal of Control},
volume = {41},
number = {5},
pages = {1129-1155},
year = {1985},
publisher = {Taylor & Francis},
doi = {10.1080/0020718508961188},
}

@inbook{kalmanBook,
	publisher = "John Wiley \& Sons, Ltd",
	isbn = "9780470045343",
	author = "Dan Simon",
	title = "The unscented {Kalman} filter",
	booktitle = "Optimal State Estimation",
	chapter = "14",
	pages = "433-459",
	doi = "10.1002/0470045345.ch14",
	year = "2006",
}

@inbook{kalmanBookSS,
	publisher = "John Wiley \& Sons, Ltd",
	isbn = "9780470045343",
	author = "Dan Simon",
	title = "Kalman filter generalizations",
	booktitle = "Optimal State Estimation",
	chapter = "7",
	pages = "183-227",
	doi = "10.1002/0470045345.ch7",
	year = "2006",
}

@book{mpcMac,
	title   = "Predictive control : with constraints",
	publisher = "Prentice Hall",
	edition = "1st",
	year    = "2000",
	author  = "Jan Maciejowski",
	isbn    = "978-0201398236"
}

@article{globPC,
	author="A. Desbiens and D. Hodouin and {\'{E}}. Plamondon",
	journal="IEE Proceedings - Control Theory and Applications",
	title="Global predictive control: a unified control structure for decoupling setpoint tracking, feedforward compensation and disturbance rejection dynamics",
	year="2000",
	volume="147",
	number="4",
	pages="465-475",
	doi="10.1049/ip-cta:20000443",
	ISSN="1350-2379",
	month="July",
}

@article{mpcSurvey,
title = {A survey of industrial model predictive control technology},
journal = {Control Engineering Practice},
volume = {11},
number = {7},
pages = {733-764},
year = {2003},
issn = {0967-0661},
doi = {10.1016/S0967-0661(02)00186-7},
author = {S.Joe Qin and Thomas A. Badgwell},
}

@article{optimMatlab,
  title={OPTI: Lowering the barrier between open source optimizers and the industrial MATLAB user},
  author={Currie, Jonathan and Wilson, David I and Sahinidis, Nick and Pinto, Jose},
  journal={Foundations of computer-aided process operations},
  volume={24},
  pages={32},
  year={2012},
  publisher={Savannah, Georgia, USA}
}

@article{ipopt,
author={W{\"a}chter, Andreas and Biegler, Lorenz T.},
title={On the implementation of an interior-point filter line-search algorithm for large-scale nonlinear programming},
journal={Mathematical Programming},
year={2006},
month={Mar},
day={01},
volume={106},
number={1},
pages={25-57},
issn={1436-4646},
doi={10.1007/s10107-004-0559-y},
}


@article{plots,
  doi = {10.5334/jors.431},
  author = {Christ, Simon and Schwabeneder, Daniel and Rackauckas, Christopher and Borregaard, Michael Krabbe and Breloff, Thomas},
  title = {Plots.jl -- a user extendable plotting API for the julia programming language},
  journal = {Journal of Open Research Software},
  year = {2023},
  copyright = {Creative Commons Attribution 4.0 International}
}